<?xml version="1.0" encoding="UTF-8"?><collection xmlns="http://www.loc.gov/MARC21/slim"><record><leader>00604nam--2200217-u-4500</leader><controlfield tag="001">000050488</controlfield><controlfield tag="002">20161230</controlfield><controlfield tag="005">20161230201048</controlfield><controlfield tag="008">070405s1000------------r-----000-0-eng-d</controlfield><datafield ind1=" " ind2=" " tag="020"><subfield code="a">9810249187</subfield></datafield><datafield ind1=" " ind2=" " tag="040"><subfield code="a">IFIN-HH</subfield></datafield><datafield ind1=" " ind2=" " tag="080"><subfield code="a">538.9:621.375.826</subfield></datafield><datafield ind1="1" ind2=" " tag="100"><subfield code="a">Borovitskaya, E</subfield></datafield><datafield ind1="1" ind2="0" tag="245"><subfield code="a">Quantum Dots</subfield><subfield code="c">E. Borovitskaya; Michael S. Shur (Eds.)</subfield></datafield><datafield ind1=" " ind2=" " tag="260"><subfield code="a">New Jersey</subfield><subfield code="b">World Scientific</subfield><subfield code="c">2002</subfield></datafield><datafield ind1=" " ind2=" " tag="300"><subfield code="a">205 p</subfield></datafield><datafield ind1=" " ind2=" " tag="490"><subfield code="a">Selected Topics in Electronics and Systems</subfield><subfield code="v">Vol.25</subfield></datafield><datafield ind1=" " ind2="4" tag="650"><subfield code="a">Quantum Dots</subfield></datafield><datafield ind1="1" ind2=" " tag="700"><subfield code="a">Shur, Michael S</subfield></datafield><datafield ind1=" " ind2=" " tag="852"><subfield code="a">81865</subfield><subfield code="c">538.9</subfield></datafield><datafield ind1=" " ind2=" " tag="CAT"><subfield code="a">Sys</subfield><subfield code="c">20110104</subfield><subfield code="h">124844</subfield></datafield></record></collection>